<record><leader>00000cas a22000007a 4500</leader><controlfield tag="001">11632693</controlfield><controlfield tag="008">850129d189u1904iaudn ne      0    0eng d</controlfield><datafield ind1=" " ind2=" " tag="010"><subfield code="a">sn 85049506 </subfield></datafield><datafield ind1=" " ind2=" " tag="040"><subfield code="a">INP</subfield><subfield code="b">eng</subfield><subfield code="c">INP</subfield><subfield code="d">OCLCQ</subfield></datafield><datafield ind1=" " ind2=" " tag="042"><subfield code="a">msc</subfield></datafield><datafield ind1="0" ind2="0" tag="245"><subfield code="a">Daily Iowa state press.</subfield></datafield><datafield ind1="1" ind2="7" tag="246"><subfield code="a">Iowa state press</subfield></datafield><datafield ind1=" " ind2=" " tag="260"><subfield code="a">Iowa City, Iowa :</subfield><subfield code="b">S.W. &amp; C.S. Mercer,</subfield><subfield code="c">-1904.</subfield></datafield><datafield ind1=" " ind2=" " tag="300"><subfield code="a">v. ;</subfield><subfield code="c">56-60 cm.</subfield></datafield><datafield ind1=" " ind2=" " tag="310"><subfield code="a">Daily</subfield></datafield><datafield ind1="0" ind2=" " tag="362"><subfield code="a">-v. 6, no. 132 (Apr. 2, 1904).</subfield></datafield><datafield ind1=" " ind2=" " tag="500"><subfield code="a">Publishers: S.W. &amp; C.S. Mercer, &lt;Jan. 5, 1904&gt;-Mar. 31, 1904; Sam. E. Carrell, Apr. 1-2, 1904.</subfield></datafield><datafield ind1=" " ind2=" " tag="500"><subfield code="a">Editors: Jno. Springer, &lt;Jan. 5, 1904&gt;-Mar. 31, 1904; Sam E. Carrell, Apr. 1-2, 1904.</subfield></datafield><datafield ind1=" " ind2=" " tag="515"><subfield code="a">Jan. 5, 1904, issue misdated Jan. 5, 1903.</subfield></datafield><datafield ind1=" " ind2=" " tag="588"><subfield code="a">Description based on: Vol. 1, no. 86 (Jan. 12, 1899).</subfield></datafield><datafield ind1=" " ind2=" " tag="752"><subfield code="a">United States</subfield><subfield code="b">Iowa</subfield><subfield code="c">Johnson</subfield><subfield code="d">Iowa City.</subfield></datafield><datafield ind1="0" ind2=" " tag="775"><subfield code="t">Iowa state press (1871 : Weekly)</subfield><subfield code="w">(DLC)sn 84027168</subfield></datafield><datafield ind1="0" ind2="0" tag="780"><subfield code="t">Iowa state press (1896 : Daily)</subfield><subfield code="w">(DLC)sn 85049507</subfield></datafield><datafield ind1="0" ind2="0" tag="785"><subfield code="t">Iowa City daily press</subfield><subfield code="w">(DLC)sn 85049504</subfield></datafield></record>